%% This BibTeX bibliography file was created using BibDesk.
%% http://bibdesk.sourceforge.net/


%% Created for buckonugs at 2016-12-21 17:55:00 -0500 


%% Saved with string encoding Unicode (UTF-8) 



@inproceedings{iyyer2014political,
	Author = {Iyyer, Mohit and Enns, Peter and Boyd-Graber, Jordan and Resnik, Philip},
	Booktitle = {Proceedings of the Association for Computational Linguistics},
	Date-Added = {2016-12-21 22:54:01 +0000},
	Date-Modified = {2016-12-21 22:54:01 +0000},
	Title = {Political ideology detection using recursive neural networks},
	Year = {2014}}

@article{yu2008classifying,
	Author = {Yu, Bei and Kaufmann, Stefan and Diermeier, Daniel},
	Date-Added = {2016-12-21 22:52:44 +0000},
	Date-Modified = {2016-12-21 22:52:44 +0000},
	Journal = {Journal of Information Technology \&amp; Politics},
	Number = {1},
	Pages = {33--48},
	Publisher = {Taylor \&amp; Francis},
	Title = {Classifying party affiliation from political speech},
	Volume = {5},
	Year = {2008}}

@inproceedings{thomas2006get,
	Author = {Thomas, Matt and Pang, Bo and Lee, Lillian},
	Booktitle = {Proceedings of the 2006 conference on empirical methods in natural language processing},
	Date-Added = {2016-12-21 22:34:27 +0000},
	Date-Modified = {2016-12-21 22:34:27 +0000},
	Organization = {Association for Computational Linguistics},
	Pages = {327--335},
	Title = {Get out the vote: Determining support or opposition from Congressional floor-debate transcripts},
	Year = {2006}}

@article{pedregosa2011scikit,
	Author = {Pedregosa, Fabian and Varoquaux, Ga{\"e}l and Gramfort, Alexandre and Michel, Vincent and Thirion, Bertrand and Grisel, Olivier and Blondel, Mathieu and Prettenhofer, Peter and Weiss, Ron and Dubourg, Vincent and others},
	Date-Added = {2016-12-21 22:33:53 +0000},
	Date-Modified = {2016-12-21 22:33:53 +0000},
	Journal = {Journal of Machine Learning Research},
	Number = {Oct},
	Pages = {2825--2830},
	Title = {Scikit-learn: Machine learning in Python},
	Volume = {12},
	Year = {2011}}
